@manual {V353, 
title = {V353 Relaxionsverhalten  eines RC-Kreises}, 
year = {2023},
organization = {TU Dortmund},
}