@book{Formelsammlung,
  title = {Formeln und Tabellen Maschinenbau},
author = {Alfred BÃ¶ge},
year = {2015},
publisher = {Springer Vieweg},
isbn = {978-3-658-09816-2},
}
